<collection xmlns="http://www.loc.gov/MARC21/slim">
<record>
  <leader>01323ncm0a22002651i 450 </leader>
  <controlfield tag="001">IT\ICCU\CNCE\019155</controlfield>
  <controlfield tag="005">20050125000000.0</controlfield>
  <datafield tag="012" ind1=" " ind2=" ">
    <subfield code="a">iiii gege ores Ocsg (3) 1519 (R)</subfield>
    <subfield code="2">fei</subfield>
  </datafield>
  <datafield tag="100" ind1=" " ind2=" ">
    <subfield code="a">19970101d1519        0itac0103    ba</subfield>
  </datafield>
  <datafield tag="101" ind1=" " ind2=" ">
    <subfield code="a">ITA</subfield>
  </datafield>
  <datafield tag="102" ind1=" " ind2=" ">
    <subfield code="a">IT</subfield>
  </datafield>
  <datafield tag="200" ind1="1" ind2=" ">
    <subfield code="a">Fioretti di frottole barzellette capitoli strambotti e sonetti libro secondo</subfield>
  </datafield>
  <datafield tag="210" ind1=" " ind2=" ">
    <subfield code="a">Napoli</subfield>
    <subfield code="c">per Ioanne Antonio de Caneto</subfield>
    <subfield code="c">ad istancia de Ioanne Baptista de Primartini da Bolognia</subfield>
    <subfield code="d">1519</subfield>
  </datafield>
  <datafield tag="215" ind1=" " ind2=" ">
    <subfield code="a">XXXV \i.e. XXXXVIII! c.</subfield>
    <subfield code="d">8ʻ</subfield>
  </datafield>
  <datafield tag="620" ind1=" " ind2=" ">
    <subfield code="a">IT</subfield>
    <subfield code="d">Napoli</subfield>
  </datafield>
  <datafield tag="712" ind1="0" ind2="0">
    <subfield code="a">De_Caneto, Giovanni Antonio</subfield>
    <subfield code="3">IT\ICCU\CNCT\000144</subfield>
    <subfield code="4">650</subfield>
  </datafield>
  <datafield tag="712" ind1="0" ind2="0">
    <subfield code="a">Primartini, Giovanni Battista</subfield>
    <subfield code="3">IT\ICCU\CNCT\001954</subfield>
    <subfield code="4">650</subfield>
  </datafield>
  <datafield tag="791" ind1="0" ind2="0">
    <subfield code="a">Caneto, Giovanni Antonio de</subfield>
    <subfield code="3">IT\ICCU\CNCT\002880</subfield>
    <subfield code="z">De_Caneto, Giovanni Antonio</subfield>
  </datafield>
  <datafield tag="791" ind1="0" ind2="0">
    <subfield code="a">Canneto, Giovanni Antonio da</subfield>
    <subfield code="3">IT\ICCU\CNCT\003731</subfield>
    <subfield code="z">De_Caneto, Giovanni Antonio</subfield>
  </datafield>
  <datafield tag="791" ind1="0" ind2="0">
    <subfield code="a">Canetus, Ioannes Antonius</subfield>
    <subfield code="3">IT\ICCU\CNCT\004530</subfield>
    <subfield code="z">De_Caneto, Giovanni Antonio</subfield>
  </datafield>
  <datafield tag="791" ind1="0" ind2="0">
    <subfield code="a">Pavia, Ioanne Antonio de</subfield>
    <subfield code="3">IT\ICCU\CNCT\004532</subfield>
    <subfield code="z">De_Caneto, Giovanni Antonio</subfield>
  </datafield>
  <datafield tag="791" ind1="0" ind2="0">
    <subfield code="a">Caneto, Ioannes Antonius de</subfield>
    <subfield code="3">IT\ICCU\CNCT\004533</subfield>
    <subfield code="z">De_Caneto, Giovanni Antonio</subfield>
  </datafield>
  <datafield tag="791" ind1="0" ind2="0">
    <subfield code="a">De_Primartini, Giovanni Battista</subfield>
    <subfield code="3">IT\ICCU\CNCT\003212</subfield>
    <subfield code="z">Primartini, Giovanni Battista</subfield>
  </datafield>
  <datafield tag="801" ind1=" " ind2="3">
    <subfield code="a">IT</subfield>
    <subfield code="b">ICCU</subfield>
    <subfield code="c">20201114</subfield>
  </datafield>
  <datafield tag="899" ind1=" " ind2=" ">
    <subfield code="a">Biblioteca Marucelliana. Firenze</subfield>
    <subfield code="1">FI0101</subfield>
    <subfield code="2">CFI MF</subfield>
  </datafield>
</record>
</collection>
